<record><leader>00000cas a2200000 a 4500</leader><controlfield tag="001">30338050</controlfield><controlfield tag="008">940427d19301936cauwr ne      0    0eng c</controlfield><datafield ind1=" " ind2=" " tag="010"><subfield code="a">sn 94051097 </subfield></datafield><datafield ind1=" " ind2=" " tag="040"><subfield code="a">CNK</subfield><subfield code="b">eng</subfield><subfield code="c">CNK</subfield><subfield code="d">OCLCQ</subfield><subfield code="d">CNK</subfield><subfield code="d">OCLCQ</subfield><subfield code="d">OCLCF</subfield><subfield code="d">OCLCO</subfield></datafield><datafield ind1="1" ind2=" " tag="029"><subfield code="a">AU@</subfield><subfield code="b">000025859414</subfield></datafield><datafield ind1=" " ind2=" " tag="042"><subfield code="a">pcc</subfield></datafield><datafield ind1=" " ind2=" " tag="043"><subfield code="a">n-us-ca</subfield></datafield><datafield ind1="0" ind2="4" tag="245"><subfield code="a">The Coast dispatch.</subfield></datafield><datafield ind1=" " ind2=" " tag="260"><subfield code="a">Encinitas, San Diego County, Calif. :</subfield><subfield code="b">Archie J. Hicks</subfield></datafield><datafield ind1=" " ind2=" " tag="300"><subfield code="a">v.</subfield></datafield><datafield ind1=" " ind2=" " tag="310"><subfield code="a">Weekly</subfield></datafield><datafield ind1="0" ind2=" " tag="362"><subfield code="a">Vol. 6, no. 5 (Jan. 31, 1930)-v. 13, no. 31 (July 30, 1936).</subfield></datafield><datafield ind1=" " ind2=" " tag="530"><subfield code="a">Master negatives are available for duplication from:</subfield><subfield code="b">California Newspaper Microfilm Archive;</subfield><subfield code="c">positive copies may be purchased by the reel; for further information consult the CNMA at:</subfield><subfield code="u">http://cbsr.ucr.edu</subfield></datafield><datafield ind1=" " ind2="0" tag="651"><subfield code="a">San Diego County (Calif.)</subfield><subfield code="v">Newspapers.</subfield></datafield><datafield ind1=" " ind2="7" tag="655"><subfield code="a">Newspapers.</subfield><subfield code="2">fast</subfield><subfield code="0">(OCoLC)fst01423814</subfield></datafield><datafield ind1=" " ind2="7" tag="651"><subfield code="a">California</subfield><subfield code="z">San Diego County.</subfield><subfield code="2">fast</subfield><subfield code="0">(OCoLC)fst01204290</subfield></datafield><datafield ind1=" " ind2=" " tag="752"><subfield code="a">United States</subfield><subfield code="b">California</subfield><subfield code="c">San Diego</subfield><subfield code="d">Encinitas.</subfield></datafield><datafield ind1="0" ind2="0" tag="780"><subfield code="t">Encinitas coast dispatch (Encinitas, Calif. : 1926)</subfield><subfield code="w">(DLC)sn 95062077</subfield></datafield><datafield ind1="0" ind2="7" tag="785"><subfield code="t">Progress (Encinitas, Calif.)</subfield><subfield code="w">(DLC)sn 97060460</subfield></datafield><datafield ind1="0" ind2="7" tag="785"><subfield code="t">Coast dispatch and the progress</subfield><subfield code="w">(DLC)sn 95062078</subfield></datafield></record>